@article{silander2012simple,
  title={A simple approach for finding the globally optimal Bayesian network structure},
  author={Silander, Tomi and Myllymaki, Petri},
  journal={arXiv preprint arXiv:1206.6875},
  year={2012}
}

@article{tsamardinos2006max,
  title={The max-min hill-climbing Bayesian network structure learning algorithm},
  author={Tsamardinos, Ioannis and Brown, Laura E and Aliferis, Constantin F},
  journal={Machine learning},
  volume={65},
  number={1},
  pages={31--78},
  year={2006},
  publisher={Springer}
}

@inproceedings{friedman1999data,
  title={Data analysis with Bayesian networks: A bootstrap approach},
  author={Friedman, Nir and Goldszmidt, Moises and Wyner, Abraham},
  booktitle={Proceedings of the Fifteenth conference on Uncertainty in artificial intelligence},
  pages={196--205},
  year={1999},
  organization={Morgan Kaufmann Publishers Inc.}
}

